@phdthesis{Hristov_2022,
month = {6},
title = {Hypersweeps, Convective Clouds and Reeb Spaces},
school = {University of Leeds},
author = {Petar Georgiev Hristov},
year = {2022},
url = {https://etheses.whiterose.ac.uk/31965/}
}

@article{Zhang_2012,
title = {Dual Contouring for domains with topology ambiguity},
journal = {Computer Methods in Applied Mechanics and Engineering},
volume = {217-220},
pages = {34-45},
year = {2012},
issn = {0045-7825},
doi = {https://doi.org/10.1016/j.cma.2012.01.004},
url = {https://www.sciencedirect.com/science/article/pii/S0045782512000060},
author = {Yongjie Zhang and Jin Qian}
}

@article{Schaefer_2007,
author={Schaefer, Scott and Ju, Tao and Warren, Joe},
journal={IEEE Transactions on Visualization and Computer Graphics}, 
title={Manifold Dual Contouring}, 
year={2007},
volume={13},
number={3},
pages={610-619},
doi={10.1109/TVCG.2007.1012}
}

@article{Hammarstrom_2013,
author={Hammarstrom, Thomas and Bengtsson, Tord and Blennow, Jorgen and Gubanski, Stanislaw M.},
journal={IEEE Transactions on Dielectrics and Electrical Insulation}, 
title={PD properties when varying the smoothness of synthesized waveforms}, 
year={2013},
volume={20},
number={6},
pages={2035-2041},
doi={10.1109/TDEI.2013.6678851}
}

@article{Markiewicz_Koperwas_2021, 
title={Evaluation platform for DDM algorithms with the usage of Non-Uniform Data Distribution Strategies}, 
volume={15}, 
DOI={10.4018/ijitsa.290000}, 
number={1}, 
journal={International Journal of Information Technologies and Systems Approach}, 
author={Markiewicz, Mikołaj and Koperwas, Jakub}, 
year={2021}, 
pages={1–23}
}

@article{Dai_2007,
title = {Geometric accuracy analysis for discrete surface approximation},
journal = {Computer Aided Geometric Design},
volume = {24},
number = {6},
pages = {323-338},
year = {2007},
note = {Geometric Modeling and Processing 2006},
issn = {0167-8396},
doi = {https://doi.org/10.1016/j.cagd.2007.04.004},
url = {https://www.sciencedirect.com/science/article/pii/S0167839607000350},
author = {Junfei Dai and Wei Luo and Miao Jin and Wei Zeng and Ying He and Shing-Tung Yau and Xianfeng Gu}
}

@article{Benkler_2008,
author={Benkler, Stefan and Chavannes, Nicolas and Kuster, Niels},
journal={IEEE Antennas and Propagation Magazine}, 
title={Mastering Conformal Meshing for Complex CAD-Based C-FDTD Simulations}, 
year={2008},
volume={50},
number={2},
pages={45-57},
doi={10.1109/MAP.2008.4562256}
}

@article{Chen_2022,
author = {Chen, Zhiqin and Tagliasacchi, Andrea and Funkhouser, Thomas and Zhang, Hao},
title = {Neural Dual Contouring},
year = {2022},
issue_date = {July 2022},
publisher = {Association for Computing Machinery},
address = {New York, NY, USA},
volume = {41},
number = {4},
issn = {0730-0301},
url = {https://doi.org/10.1145/3528223.3530108},
doi = {10.1145/3528223.3530108},
month = {7},
articleno = {104},
numpages = {13}
}

@article{Alexa_2009,
author = {Alexa, Marc and Adamson, Anders},
title = {Interpolatory Point Set Surfaces — convexity and Hermite Data},
year = {2009},
issue_date = {April 2009},
publisher = {Association for Computing Machinery},
address = {New York, NY, USA},
volume = {28},
number = {2},
issn = {0730-0301},
url = {https://doi.org/10.1145/1516522.1516531},
doi = {10.1145/1516522.1516531},
articleno = {20},
numpages = {10}
}

@INPROCEEDINGS{Aaron_2007,
author={Knoll, Aaron and Hijazi, Younis and Hansen, Charles and Wald, Ingo and Hagen, Hans},
booktitle={2007 IEEE Symposium on Interactive Ray Tracing}, 
title={Interactive Ray Tracing of Arbitrary Implicits with SIMD Interval Arithmetic}, 
year={2007},
pages={11-18},
doi={10.1109/RT.2007.4342585}
}

@book{Glassner_1989,
title={An Introduction to Ray Tracing},
author={Glassner, A.S.},
isbn={9780080499055},
series={The Morgan Kaufmann Series in Computer Graphics},
url={https://books.google.com.pa/books?id=t3XNCgAAQBAJ},
year={1989},
publisher={Elsevier Science}
}

@article{Parker_1999,
author={Steven G. Parker and Michael A. Parker and Yarden Livnat and Peter{-}Pike J. Sloan and Charles D. Hansen and Peter Shirley},
title={Interactive Ray Tracing for Volume Visualization},
journal={{IEEE} Trans. Vis. Comput. Graph.},
volume={5},
number={3},
pages={238--250},
year={1999},
url={https://doi.org/10.1109/2945.795215},
doi={10.1109/2945.795215},
timestamp={Sun, 28 May 2017 13:18:28 +0200},
biburl={https://dblp.org/rec/journals/tvcg/ParkerPLSHS99.bib},
bibsource={dblp computer science bibliography, https://dblp.org}
}

@book{Haines_Akenine_2019, 
place={Berkeley, CA}, 
title={Ray Tracing Terminology}, 
booktitle={Ray tracing gems high-quality and real-time rendering with DXR and other apis}, 
publisher={Apress}, 
author={Haines, Eric and Shirley, Peter}, 
editor={Haines, Eric and Akenine-Möller, Tomas},
year={2019}, 
pages={5–11},
isbn={978-1-4842-4427-2},
url={https://doi.org/10.1007/978-1-4842-4427-2_1},
doi={10.1007/978-1-4842-4427-2_1}
}

@article{Dai_2021,
author = {Dai, Haoran and Tao, Yubo and He, Xiangyang and Lin, Hai},
title = {IsoExplorer: an isosurface-driven framework for 3D shape analysis of biomedical volume data},
journal = {Journal of Visualization},
volume = {24},
number={6},
pages = {1253--1266},
year = {2021},
doi = {10.1007/s12650-021-00770-2},
publisher={Springer},
url = {https://doi.org/10.1007/s12650-021-00770-2}
}

@inproceedings{Parker_1998,
author = {Parker, S. and Shirley, Peter and Livnat, Y. and Hansen, C. and Sloan, P.-P},
year = {1998},
month = {11},
pages = {233-238},
title = {Interactive ray tracing for isosurface rendering},
isbn = {0-8186-9176-X},
journal = {Proceedings of Visualization},
doi = {10.1109/VISUAL.1998.745713}
}

@article{Sato_2021,
author = {Sato, Rion and Cohen, Michael},
title = {Raytracing Render Switcher with Embree},
DOI= "10.1051/shsconf/202110204015",
url= "https://doi.org/10.1051/shsconf/202110204015",
journal = {SHS Web Conf.},
year = {2021},
volume = {102},
pages = {04015},
}

@article{Ingo_2014,
author = {Wald, Ingo and Woop, Sven and Benthin, Carsten and Johnson, Gregory S. and Ernst, Manfred},
title = {Embree: A Kernel Framework for Efficient CPU Ray Tracing},
year = {2014},
issue_date = {July 2014},
publisher = {Association for Computing Machinery},
address = {New York, NY, USA},
volume = {33},
number = {4},
issn = {0730-0301},
url = {https://doi.org/10.1145/2601097.2601199},
doi = {10.1145/2601097.2601199},
month = {7},
articleno = {143},
numpages = {8}
}

@inbook{Knoll_2021,
author={Knoll, Aaron and Johnson, Gregory P. and Meng, Johannes},
editor={Marrs, Adam and Shirley, Peter and Wald, Ingo},
title={Path Tracing RBF Particle Volumes},
bookTitle={Ray Tracing Gems II: Next Generation Real-Time Rendering with DXR, Vulkan, and OptiX},
year={2021},
publisher={Apress},
address={Berkeley, CA},
pages={713--723},
isbn={978-1-4842-7185-8},
doi={10.1007/978-1-4842-7185-8_44},
url={https://doi.org/10.1007/978-1-4842-7185-8_44}
}

@InProceedings{Bajaj_1997,
author={Chandrajit L. Bajaj and Valerio Pascucci and Daniel R. Schikore},
title={The Contour Spectrum},
booktitle={Proceedings of Visualization '97},
pages={167--173},
year={1997}
}

@misc{image_quadtree,
TITLE = {representation of quadtree},
author={Daniel,Jackson},
url={https://medium.com/@danieljackson97123/using-quadtrees-for-level-of-detail-in-voxel-generation-517f98f3bf50},
NOTE = {[Online; Accessed: 3 September, 2023]},
journal={Medium}, 
year={2021}, 
month={9}
}

@article{image_quadtree_structured_unstructured,
author = {Jude, D. and Sitaraman, J. and Wissink, A.},
title = {An octree-based, cartesian navier–stokes solver for modern cluster architectures},
journal = {Journal of Supercomputing},
volume = {78},
pages = {11409--11440},
year = {2022},
doi = {10.1007/s11227-022-04324-7},
url = {https://doi.org/10.1007/s11227-022-04324-7}
}

@article{Lorensen_1987,
title={Marching cubes: A high resolution 3D surface construction algorithm},
author={Lorensen, William E and Cline, Harvey E},
journal={Computer graphics},
url = {https://doi.org/10.1145/37402.37422},
doi = {10.1145/37402.37422},
volume={21},
number={4},
pages={163--169},
year={1987}
}

@techreport{Chernyaev_1995,
title={Marching cubes 33: Construction of topologically correct isosurfaces},
author={Chernyaev, Evgeni V},
institution={CERN},
year={1995}
}

@article{Lewiner_2003,
title={Efficient Implementation of Marching Cubes’ Cases with Topological Guarantees},
author={Lewiner, T. and Lopes, H. and Vieira, A. W. and Tavares, G.},
journal={Journal of Graphics Tools},
volume={8},
number={2},
pages={1--15},
year={2003}
}

@article{Savchenko_1995,
title={Efficient adaptive extraction and simplification of geometrically accurate isosurfaces},
author={Savchenko, Vladimir V and Pasko, Alexander A and Okunev, Oleg G and Kunii, Tosiyasu L},
journal={Graphical Models and Image Processing},
volume={57},
number={6},
pages={512--528},
year={1995},
publisher={Elsevier}
}

@misc{image_raytracingimage,
author = "Henrik",
title = "Ray Tracing (Graphics)",
year = "2008",
url = "https://en.wikipedia.org/wiki/Ray_tracing_(graphics)",
note = "Accessed: 4 September, 2023"
}

@incollection{David_2003,
title = {Computational Aerodynamics},
editor = {Robert A. Meyers},
booktitle = {Encyclopedia of Physical Science and Technology (Third Edition)},
publisher = {Academic Press},
edition = {Third Edition},
address = {New York},
pages = {469-485},
year = {2003},
isbn = {978-0-12-227410-7},
doi = {https://doi.org/10.1016/B0-12-227410-5/00905-4},
url = {https://www.sciencedirect.com/science/article/pii/B0122274105009054},
author = {David A. Caughey}
}

@book{Pharr_2004,
author = {Pharr, Matt and Humphreys, Greg},
year = {2004},
month = {08},
title = {Physically Based Rendering: From Theory To Implementation},
volume = {2},
journal = {Physically Based Rendering: From Theory To Implementation}
}

@article{Whitted_1980,
title={An improved illumination model for shaded display},
author={Whitted, Turner},
journal={Communications of the ACM},
volume={23},
number={6},
pages={343--349},
year={1980},
publisher={ACM New York, NY, USA}
}

@article{Newman_2006,
author = {Newman, Timothy and Yi, Hong},
year = {2006},
month = {10},
pages = {854-879},
title = {A survey of the Marching Cubes algorithm},
volume = {30},
journal = {Computers \& Graphics},
doi = {10.1016/j.cag.2006.07.021}
}

@article{Wilhelms_1990,
title={Octrees for faster isosurface generation},
author={Wilhelms, J. and Van Gelder, A.},
journal={ACM Transactions on Graphics (TOG)},
volume={9},
number={3},
pages={57--67},
year={1990},
publisher={ACM}
}

@article{Ju_2002,
author       = {Tao Ju and Frank Losasso and Scott Schaefer and Joe D. Warren},
title        = {Dual contouring of hermite data},
journal      = {{ACM} Trans. Graph.},
volume       = {21},
number       = {3},
pages        = {339--346},
year         = {2002},
url          = {https://doi.org/10.1145/566654.566586},
doi          = {10.1145/566654.566586},
timestamp    = {Tue, 14 May 2019 17:07:34 +0200},
biburl       = {https://dblp.org/rec/journals/tog/JuLSW02.bib},
bibsource    = {dblp computer science bibliography, https://dblp.org}
}

@inproceedings{Zhang_2004,
author = {Zhang, Nan and Hong, Wei and Kaufman, Arie},
title = {Dual Contouring with Topology-Preserving Simplification Using Enhanced Cell Representation},
year = {2004},
isbn = {0780387880},
publisher = {IEEE Computer Society},
address = {USA},
url = {https://doi.org/10.1109/VISUAL.2004.27},
doi = {10.1109/VISUAL.2004.27},
booktitle = {Proceedings of the Conference on Visualization '04},
pages = {505–512},
numpages = {8},
series = {VIS '04}
}

@article{Chien-Chang_2005,
  title={Cubical Marching Squares: Adaptive Feature Preserving Surface Extraction from Volume Data},
  author={Chien-Chang Ho and Fu-Che Wu and Bing-Yu Chen and Yung-Yu Chuang and Ming Ouhyoung},
  journal={Computer Graphics Forum},
  year={2005},
  volume={24},
  url={https://api.semanticscholar.org/CorpusID:771660}
}

@inproceedings{Nielson_2004,
author = {Nielson, Gregory},
year = {2004},
month = {11},
pages = {489- 496},
title = {Dual Marching Cubes},
isbn = {0-7803-8788-0},
journal = {IEEE Visualization 2004 - Proceedings, VIS 2004},
doi = {10.1109/VISUAL.2004.28}
}

@INPROCEEDINGS{Schaefer_2004,
author={Schaefer, S. and Warren, J.},
booktitle={12th Pacific Conference on Computer Graphics and Applications, 2004. PG 2004. Proceedings.}, 
title={Dual marching cubes: primal contouring of dual grids}, 
year={2004},
volume={},
number={},
pages={70-76},
doi={10.1109/PCCGA.2004.1348336}
}

@mastersthesis{Rassovsky_2014,
  author = {George Rassovsky},
  title = {Cubical Marching Squares Implementation},
  school = {Bournemouth University},
  year = {2014},
  type = {Master's Thesis},
  department = {Computer Animation and Visual Effects},
  url = {https://grassovsky.files.wordpress.com/2014/09/thesis1.pdf},
  month = {09}
}

@Article{Prados_2023,
AUTHOR = {Prados, Adrián and Mora, Alicia and López, Blanca and Muñoz, Javier and Garrido, Santiago and Barber, Ramón},
TITLE = {Kinesthetic Learning Based on Fast Marching Square Method for Manipulation},
JOURNAL = {Applied Sciences},
VOLUME = {13},
YEAR = {2023},
NUMBER = {4},
ARTICLE-NUMBER = {2028},
URL = {https://www.mdpi.com/2076-3417/13/4/2028},
ISSN = {2076-3417},
DOI = {10.3390/app13042028}
}

@misc{Lingrand_2003,
author = {Lingrand, Diane},
title = {Marching Cubes Algorithm},
year = {2003},
url = {http://users.polytech.unice.fr/~lingrand/MarchingCubes/algo.html},
note = {Accessed: 2023-09-10}
}

@article{Raman_2008,
title={Quality Isosurface Mesh Generation Using an Extended Marching Cubes Lookup Table},
author={Sundaresan Raman and R. Wenger},
journal={Computer Graphics Forum},
volume={27},
number={3},
pages={875-882},
year={2008},
publisher={Wiley Online Library},
doi={10.1111/j.1467-8659.2008.01209.x},
url={http://www.cse.ohio-state.edu/%7Ewenger/publications/isomesh.pdf}
}

@inproceedings{Nielson_1991,
author = {Nielson, Gregory and Hamann, Bernd},
year = {1991},
month = {11},
pages = {83-91, 413},
title = {The asymptotic decider: Resolving the ambiguity in marching cubes},
isbn = {0-8186-2245-8},
journal = {Proceedings of the 26th IEEE Conference on Visualization, 22-25 October 1991; Tempe, AZ},
doi = {10.1109/VISUAL.1991.175782}
}

@misc{Bourke_2023,
author = {Paul Bourke},
title = {Polygonising a scalar field},
year = {2023},
url = {https://paulbourke.net/geometry/polygonise/},
note = {Accessed: 2023-09-10}
}

@misc{Boristhebrave_2018,
author = {Boris},
title = {Dual Contouring Tutorial},
year = {2018},
month = {04},
day = {15},
url = {https://www.boristhebrave.com/2018/04/15/dual-contouring-tutorial/},
note = {Accessed: 2023-09-10}
}

@article{Sreeparna_2017,
title={Comparative Study of Marching Cubes Algorithms for the Conversion of 2D image to 3D},
author={Roy, Sreeparna and Augustine, Peter},
journal={International Journal of Computational Intelligence Research},
volume={13},
number={3},
pages={327-337},
year={2017},
publisher={Research India Publications},
url={https://www.ripublication.com/ijcir17/ijcirv13n3_02.pdf}
}

@inproceedings{Gibson_1998,
title={Constrained Elastic Surface Nets: generating smooth surfaces from binary segmented data},
author={Gibson, S. F. F.},
booktitle={Medical Image Computing and Computer Assisted Intervention MICCAI’98},
pages={888},
year={1998},
volume={1496},
publisher={Springer Berlin / Heidelberg}
}

@INPROCEEDINGS{Maple_2003,
author={Maple, C.},
booktitle={2003 International Conference on Geometric Modeling and Graphics, 2003. Proceedings}, 
title={Geometric design and space planning using the marching squares and marching cube algorithms}, 
year={2003},
pages={90-95},
doi={10.1109/GMAG.2003.1219671}
}

@article{Eigen_2013,
  title={Fast and elegant numerical linear algebra using the RcppEigen package},
  author={Bates, Douglas and Eddelbuettel, Dirk},
  journal={Journal of Statistical Software},
  volume={52},
  pages={1--24},
  year={2013}
}

@misc{github,
author={github},
title={GitHub},
year={2008},
url={https://github.com/},
}

@book{Press_2007,
   author = {Press, William H. and Teukolsky, Saul A. and Vetterling, William T. and Flannery, Brian P.},
   title = {Numerical Recipes 3rd Edition: The Art of Scientific Computing},
   year = {2007},
   isbn = {0521880688},
   publisher = {Cambridge University Press},
   address = {USA},
   edition = {3},
   pages = {65-67, 73-74},
   note = {Relevant discussions can be found in Chapter 2, specifically sections 2.6 and 2.6.4}
}

@article{Wünsche_1997,
author = {Wünsche, Burkhard},
year = {1997},
month = {09},
pages = {451-486},
title = {A Survey and Analysis of Common Polygonization Methods and Optimization Techniques},
journal = {http://www.cs.auckland.ac.nz/staff-cgi-bin/mjd/csTRcgi.pl?serial}
}

@InProceedings{Krüger_2003,
author = "Jens Kr{\"u}ger and R{\"u}diger Westermann",
title = "{Acceleration Techniques for {GPU}-based {Volume} {Rendering}}",
booktitle = {Proceedings IEEE Visualization 2003},
year = {2003},
}

@book{baines_2008,
    author    = {L. Baines},
    title     = {A Teacher’s Guide to Multisensory Learning: Improving Literacy by Engaging the Senses},
    year      = {2008},
    publisher = {Association for Supervision and Curriculum Development},
    address   = {Alexandria, Va.},
    pages     = {208},
    note      = {Portion of title: Multisensory learning},
    callnumber= {LB1576 .B245 2008}
}
